<?xml version="1.0" encoding="UTF-8"?><collection xmlns="http://www.loc.gov/MARC21/slim"><record><leader>00369nam--2200133-i-4500</leader><controlfield tag="001">000019952</controlfield><controlfield tag="002">20161230</controlfield><controlfield tag="005">20161230201033</controlfield><controlfield tag="008">060222s1000------------r-----000-0-eng-d</controlfield><datafield ind1=" " ind2=" " tag="080"><subfield code="a">621.52:531.788.7</subfield></datafield><datafield ind1=" " ind2=" " tag="100"><subfield code="a">Eichmeier, J</subfield></datafield><datafield ind1=" " ind2=" " tag="245"><subfield code="a">Moderne vakuumelektronik.grundlagen, bauelemente, technologie</subfield></datafield><datafield ind1=" " ind2=" " tag="260"><subfield code="a">Berlin, Springer-verlag, 1981. Xi + 412 P</subfield></datafield><datafield ind1=" " ind2=" " tag="852"><subfield code="a">49158</subfield></datafield></record></collection>